@article{using-cs2013,
  author = {Henry M.\ Walker and Samuel A.\ Rebelsky},
  title = {Using {CS}2013 for a department's curriculum review: a case study},
  journal = {J. Comput. Sci. Coll.},
  year = 2014,
  month = May,
  volume = 29,
  number = 5,
  pages = {138--144}
}
  

@article{annotating-www-journal,
  author = {Sarah Luebke\student and Hilary Mason\student and Samuel A.\ Rebelsky},
  title = {Annotating the {W}orld-{W}ide {W}eb},
  journal = {CSS Journal},
  year = 1999,
  month = {November/December},
  volume = 7,
  number = 5,
  note = {Reprinted from [B14].}
}

@article{video-econf,
  author = {Samuel A. Rebelsky and Fillia Makedon and P. Takis Metaxas
    and James Ford\gradstudent and Charles B. Owen\gradstudent and 
    Peter Gloor},
  title = {The Roles of Video in the Design, Development, and Use of
    Interactive Conference Proceedings},
  journal = {Journal for Universal Computer Science},
  month = {June},
  year = 1998,
  volume = 4,
  number = 6,
  pages = {604--628},
  note = {An earlier version of this work was published as Dartmouth College
    Department of Computer Science Technical Report PCS-TR94-241, 
    November 1994.}
}

@article{resource-limited-hyper-reproductions,
  author = {James Ford\gradstudent and Filia Makedon and Samuel A.
     Rebelsky},
  title = {Resource-Limited Hyper-Reproductions},
  journal = {Journal of Multimedia Tools and Applications},
  volume = 6,
  number = 2,
  year = 1998,
  pages = {181--197}
}

@article{evaluate-www-instruction,
  author = {Samuel A. Rebelsky},
  title = {Evaluating and Improving {WWW}-Aided Instruction},
  journal = {Journal for Univeral Computer Science},
  month = {December},
  year = {1996},
  volume = 2,
  number = 12,
  pages = {829--841},
  note = {An extended version of [B4] and [B6].}
}

@article{interactive-eprocs,
  author = {Samuel A. Rebelsky},
  title = {Designing Interactive Electronic Conference Proceedings},
  journal = {IEEE Multimedia},
  month = {Summer},
  year = {1995},
  pages = {75--79}
}
